{
  "leader": "02708cam  2200505 a 4500",
  "fields": [
    {
      "001": "ocm10230081\\"
    },
    {
      "003": "OCoLC"
    },
    {
      "005": "20211115092529.0"
    },
    {
      "008": "831129s1984\\\\\\\\nyu\\\\\\\\\\\\b\\\\\\i001\\0\\eng\\\\"
    },
    {
      "010": {
        "ind1": "\\",
        "ind2": "\\",
        "subfields": [
          {
            "a": "   83048830 "
          }
        ]
      }
    },
    {
      "040": {
        "ind1": "\\",
        "ind2": "\\",
        "subfields": [
          {
            "a": "DLC"
          },
          {
            "b": "eng"
          },
          {
            "c": "DLC"
          },
          {
            "d": "NLM"
          },
          {
            "d": "BTCTA"
          },
          {
            "d": "YDXCP"
          },
          {
            "d": "MLN"
          },
          {
            "d": "GEBAY"
          },
          {
            "d": "OCLCF"
          },
          {
            "d": "OCLCQ"
          },
          {
            "d": "OCLCO"
          },
          {
            "d": "UCDLL"
          },
          {
            "d": "OCLCQ"
          },
          {
            "d": "OCLCO"
          },
          {
            "d": "RKA"
          },
          {
            "d": "OCLCO"
          },
          {
            "d": "OCLCA"
          },
          {
            "d": "AU@"
          },
          {
            "d": "OCLCQ"
          },
          {
            "d": "OCLCO"
          },
          {
            "d": "CPO"
          },
          {
            "d": "OCLCO"
          },
          {
            "d": "LUN"
          },
          {
            "d": "CFI"
          },
          {
            "d": "OCLCO"
          },
          {
            "d": "OCLCA"
          }
        ]
      }
    },
    {
      "016": {
        "ind1": "7",
        "ind2": "\\",
        "subfields": [
          {
            "a": "8310168"
          },
          {
            "2": "DNLM"
          }
        ]
      }
    },
    {
      "019": {
        "ind1": "\\",
        "ind2": "\\",
        "subfields": [
          {
            "a": "10183412"
          },
          {
            "a": "59773485"
          },
          {
            "a": "775863501"
          },
          {
            "a": "1167234839"
          },
          {
            "a": "1201609084"
          },
          {
            "a": "1201820065"
          },
          {
            "a": "1201885010"
          },
          {
            "a": "1201895344"
          },
          {
            "a": "1201949813"
          }
        ]
      }
    },
    {
      "020": {
        "ind1": "\\",
        "ind2": "\\",
        "subfields": [
          {
            "a": "0029170109"
          }
        ]
      }
    },
    {
      "020": {
        "ind1": "\\",
        "ind2": "\\",
        "subfields": [
          {
            "a": "9780029170106"
          }
        ]
      }
    },
    {
      "020": {
        "ind1": "\\",
        "ind2": "\\",
        "subfields": [
          {
            "a": "0029187605"
          }
        ]
      }
    },
    {
      "020": {
        "ind1": "\\",
        "ind2": "\\",
        "subfields": [
          {
            "a": "9780029187609"
          }
        ]
      }
    },
    {
      "035": {
        "ind1": "\\",
        "ind2": "\\",
        "subfields": [
          {
            "a": "(OCoLC)10230081"
          },
          {
            "z": "(OCoLC)10183412"
          },
          {
            "z": "(OCoLC)59773485"
          },
          {
            "z": "(OCoLC)775863501"
          },
          {
            "z": "(OCoLC)1167234839"
          },
          {
            "z": "(OCoLC)1201609084"
          },
          {
            "z": "(OCoLC)1201820065"
          },
          {
            "z": "(OCoLC)1201885010"
          },
          {
            "z": "(OCoLC)1201895344"
          },
          {
            "z": "(OCoLC)1201949813"
          }
        ]
      }
    },
    {
      "050": {
        "ind1": "0",
        "ind2": "0",
        "subfields": [
          {
            "a": "R727.3"
          },
          {
            "b": ".K34 1984"
          }
        ]
      }
    },
    {
      "060": {
        "ind1": "0",
        "ind2": "0",
        "subfields": [
          {
            "a": "W 62"
          },
          {
            "b": "K19s 1984"
          }
        ]
      }
    },
    {
      "082": {
        "ind1": "0",
        "ind2": "4",
        "subfields": [
          {
            "a": "610.696"
          },
          {
            "b": "KAT"
          }
        ]
      }
    },
    {
      "100": {
        "ind1": "1",
        "ind2": "\\",
        "subfields": [
          {
            "a": "Katz, Jay,"
          },
          {
            "d": "1922-2008."
          }
        ]
      }
    },
    {
      "245": {
        "ind1": "1",
        "ind2": "4",
        "subfields": [
          {
            "a": "The silent world of doctor and patient /"
          },
          {
            "c": "Jay Katz."
          }
        ]
      }
    },
    {
      "260": {
        "ind1": "\\",
        "ind2": "\\",
        "subfields": [
          {
            "a": "New York :"
          },
          {
            "b": "Free Press ;"
          },
          {
            "a": "London :"
          },
          {
            "b": "Collier Macmillan,"
          },
          {
            "c": "\ufffd1984."
          }
        ]
      }
    },
    {
      "300": {
        "ind1": "\\",
        "ind2": "\\",
        "subfields": [
          {
            "a": "xxi, 263 pages ;"
          },
          {
            "c": "25 cm"
          }
        ]
      }
    },
    {
      "336": {
        "ind1": "\\",
        "ind2": "\\",
        "subfields": [
          {
            "a": "text"
          },
          {
            "b": "txt"
          },
          {
            "2": "rdacontent"
          }
        ]
      }
    },
    {
      "337": {
        "ind1": "\\",
        "ind2": "\\",
        "subfields": [
          {
            "a": "unmediated"
          },
          {
            "b": "n"
          },
          {
            "2": "rdamedia"
          }
        ]
      }
    },
    {
      "338": {
        "ind1": "\\",
        "ind2": "\\",
        "subfields": [
          {
            "a": "volume"
          },
          {
            "b": "nc"
          },
          {
            "2": "rdacarrier"
          }
        ]
      }
    },
    {
      "504": {
        "ind1": "\\",
        "ind2": "\\",
        "subfields": [
          {
            "a": "Includes bibliographical references and index."
          }
        ]
      }
    },
    {
      "505": {
        "ind1": "0",
        "ind2": "\\",
        "subfields": [
          {
            "a": "Physicians and patients : a history of silence -- Physicians and citizens : the struggle for freedom from lay control -- Judges, physicians, and patients : the legal doctrine of informed consent -- Sharing authority -- Respecting autonomy : the struggle over rights and capacities -- Respecting autonomy : the obligation for conversation -- Acknowledging uncertainty : the confrontation of knowledge and ignorance -- The abandonment of patients : a final argument against silence -- Code of Ethics of the American Medical Association (1847) -- American Medical Association Principles of Medical Ethics (1980)."
          }
        ]
      }
    },
    {
      "650": {
        "ind1": "\\",
        "ind2": "0",
        "subfields": [
          {
            "a": "Physician and patient."
          }
        ]
      }
    },
    {
      "650": {
        "ind1": "\\",
        "ind2": "0",
        "subfields": [
          {
            "a": "Medicine"
          },
          {
            "x": "Decision making."
          }
        ]
      }
    },
    {
      "650": {
        "ind1": "\\",
        "ind2": "0",
        "subfields": [
          {
            "a": "Trust."
          }
        ]
      }
    },
    {
      "650": {
        "ind1": "\\",
        "ind2": "0",
        "subfields": [
          {
            "a": "Paternalism."
          }
        ]
      }
    },
    {
      "650": {
        "ind1": "\\",
        "ind2": "7",
        "subfields": [
          {
            "a": "Medicine"
          },
          {
            "x": "Decision making."
          },
          {
            "2": "fast"
          },
          {
            "0": "(OCoLC)fst01014936"
          }
        ]
      }
    },
    {
      "650": {
        "ind1": "\\",
        "ind2": "7",
        "subfields": [
          {
            "a": "Paternalism."
          },
          {
            "2": "fast"
          },
          {
            "0": "(OCoLC)fst01054903"
          }
        ]
      }
    },
    {
      "650": {
        "ind1": "\\",
        "ind2": "7",
        "subfields": [
          {
            "a": "Physician and patient."
          },
          {
            "2": "fast"
          },
          {
            "0": "(OCoLC)fst01062819"
          }
        ]
      }
    },
    {
      "650": {
        "ind1": "\\",
        "ind2": "7",
        "subfields": [
          {
            "a": "Trust."
          },
          {
            "2": "fast"
          },
          {
            "0": "(OCoLC)fst01158174"
          }
        ]
      }
    },
    {
      "650": {
        "ind1": "1",
        "ind2": "2",
        "subfields": [
          {
            "a": "Decision Making."
          }
        ]
      }
    },
    {
      "650": {
        "ind1": "1",
        "ind2": "2",
        "subfields": [
          {
            "a": "Informed Consent."
          }
        ]
      }
    },
    {
      "650": {
        "ind1": "1",
        "ind2": "2",
        "subfields": [
          {
            "a": "Physician-Patient Relations."
          }
        ]
      }
    },
    {
      "776": {
        "ind1": "0",
        "ind2": "8",
        "subfields": [
          {
            "i": "Online version:"
          },
          {
            "a": "Katz, Jay, 1922-2008."
          },
          {
            "t": "Silent world of doctor and patient."
          },
          {
            "d": "New York : Free Press ; London : Collier Macmillan, \ufffd1984"
          },
          {
            "w": "(OCoLC)899746851"
          }
        ]
      }
    },
    {
      "994": {
        "ind1": "\\",
        "ind2": "\\",
        "subfields": [
          {
            "a": "Z0"
          },
          {
            "b": "NYRVC"
          }
        ]
      }
    },
    {
      "948": {
        "ind1": "\\",
        "ind2": "\\",
        "subfields": [
          {
            "h": "NO HOLDINGS IN NYRVC - 563 OTHER HOLDINGS"
          }
        ]
      }
    },
    {
      "999": {
        "ind1": "\\",
        "ind2": "\\",
        "subfields": [
          {
            "a": "no barcode"
          }
        ]
      }
    }
  ]
}